% This file was created with JabRef 2.7.
% Encoding: MacRoman

@TECHREPORT{ECMQuickRef,
  author = {Austin, T.},
  title = {Electronic Control Module Quick Reference Guide},
  institution = {WI State Patrol},
  year = {2012},
  owner = {clayshooter811},
  timestamp = {2013.11.20}
}

@ARTICLE{austin2011,
  author = {Austin, T. and Farrell, M.},
  title = {An Examination of Snapshot Data in Caterpillar Electronic Control
	Modules},
  journal = {SAE International Journal of Passenger Cars - Mechanical Systems},
  year = {2011},
  volume = {1},
  pages = {1},
  owner = {clayshooter811},
  timestamp = {2013.11.20}
}

@TECHREPORT{ECMGuide,
  author = {Austin, T. and Messerschmidt, W.},
  title = {Electronic Control Module Field Guide},
  institution = {Transportation Safety Inc.},
  year = {2010},
  owner = {clayshooter811},
  timestamp = {2013.11.20}
}

@INPROCEEDINGS{Bellare1995,
  author = {Bellare, M. and Rogaway, P.},
  title = {Optimal Asymmetric Encryption -- How to encrypt with RSA - Eurocrypt
	'94 Proceedings},
  booktitle = {Lecture Notes in Computer Science Vol. 950},
  year = {1995},
  owner = {clayshooter811},
  timestamp = {2014.07.17}
}

@ARTICLE{Berdajs2010,
  author = {Berdajs, J. and Bosnic, Z.},
  title = {Extending Applications using an advanced approach to DLL injection
	and API hooking},
  journal = {Software: Practice and Experience},
  year = {2010},
  volume = {40},
  pages = {567-584},
  owner = {clayshooter811},
  timestamp = {2014.06.15}
}

@CONFERENCE{Biryukov2009,
  author = {Biryukov, A. and Khovratovich, D. and Nikolic, I.},
  title = {Distinguisher and Related-Key Attack on the Full AES-256},
  booktitle = {Advances in Cryptology - CRYPTO 2009},
  year = {2009},
  owner = {clayshooter811},
  timestamp = {2014.06.15}
}

@ARTICLE{bortolin2009,
  author = {Bortolin, R. and van Nooten, S. and Scodeller, M. and Alvar, D. et
	al.},
  title = {Validating Speed Data from Cummins Engine Sudden Deceleration Data
	Reports},
  journal = {SAE International Journal of Passenger Cars - Mechanical Systems},
  year = {2009},
  volume = {2},
  pages = {970-982},
  owner = {clayshooter811},
  timestamp = {2014.03.05}
}

@ARTICLE{FlashMem,
  author = {Breeuwsma, M. and deJongh, M. and Klaver, C. and van der Knijff,
	R. and Roeloffs, M.},
  title = {Forensic Data Recovery From Flash Memory},
  journal = {Small Scale Digital Device Forensics Journal},
  year = {2007},
  volume = {1},
  pages = {1},
  owner = {clayshooter811},
  timestamp = {2013.11.20}
}

@BOOK{carrier2005,
  title = {File System Forensic Analysis},
  publisher = {Addison Wesley},
  year = {2005},
  editor = {x},
  author = {Carrier, B.},
  owner = {clayshooter811},
  timestamp = {2013.11.20}
}

@ARTICLE{Carrier2003,
  author = {Carrier, B.},
  title = {Defining Forensic Examination and Analysis Tools Using Abstraction
	Layers},
  journal = {International Journal of Digital Evidence},
  year = {2003},
  volume = {1},
  pages = {1},
  owner = {clayshooter811},
  timestamp = {2013.11.20}
}

@ARTICLE{casey2002,
  author = {Casey, Eoghan},
  title = {Error, Uncertainty, and Loss in Digital Evidence},
  journal = {International Journal of Digital Evidence},
  year = {2002},
  volume = {1},
  pages = {1},
  owner = {clayshooter811},
  timestamp = {2013.11.20}
}

@ARTICLE{carsec2011,
  author = {Checkoway, S. and McCoy, D. and Kantor, B. and Anderson, D. and Shacham,
	H. and Savage, S. and Koscher, K. and Czeskis, A. and Roesner, F.
	and Kohno, T.},
  title = {Comprehensive Experimental Analyses of Automotive Attack Surfaces},
  journal = {Usenix Security},
  year = {2011},
  volume = {1},
  pages = {1},
  owner = {clayshooter811},
  timestamp = {2013.11.20}
}

@TECHREPORT{IOCE2002,
  author = {International Organization on Computer Evidence},
  title = {Guidelines for Best Practice in the Forensic Examination of Digital
	Technology},
  institution = {Digital Evidence Standards Working Group},
  year = {2002},
  owner = {clayshooter811},
  timestamp = {2013.11.20}
}

@MISC{Daubert1993,
  author = {US Supreme Court},
  title = {Daubert v. Merrell Dow Pharmaceuticals},
  year = {1993},
  note = {URL: http://www.law.cornell.edu/supct/html/92-102.ZS.html (Retrieved
	7/22/2014)},
  owner = {clayshooter811},
  timestamp = {2014.07.22}
}

@ARTICLE{cramer2004,
  author = {Cramer, Ronald and Shoup, Victor},
  title = {Design and Analysis of Practical Public-Key Encryption Schemes Secure
	Against Adaptive Chosen Ciphertext Attack},
  journal = {SIAM Journal on Computing},
  year = {2004},
  volume = {33},
  pages = {167-226},
  owner = {clayshooter811},
  timestamp = {2014.03.07}
}

@ARTICLE{Day1983,
  author = {Day, J. and Zimmerman, H.},
  title = {The OSI reference model},
  journal = {Proceedings of the IEEE},
  year = {1983},
  volume = {71},
  pages = {1334-1340},
  owner = {clayshooter811},
  timestamp = {2014.07.18}
}

@TECHREPORT{drew2008,
  author = {Drew, K. and van Nooten, S. and Bortolin, R. and Gervais, J.},
  title = {The Reliability of Snapshot Data from Caterpillar Engines for Accident
	Investigation and Analysis},
  institution = {SAE},
  year = {2008},
  owner = {clayshooter811},
  timestamp = {2014.03.05}
}

@TECHREPORT{NHTSA2002,
  author = {NHTSA EDR Working Group},
  title = {Supplemental Findings for Trucks, Motorcoaches, and School Buses},
  institution = {National Highway Traffic Safety Administration},
  year = {2002},
  owner = {clayshooter811},
  timestamp = {2013.11.20}
}

@INPROCEEDINGS{Johnson2014,
  author = {Johnson, J. and Kongs, A. and Daily, J.},
  title = {On The Digital Forensics of Heavy Truck Electronic Control Modules},
  booktitle = {SAE World Congress},
  year = {2014},
  owner = {clayshooter811},
  timestamp = {2014.07.02}
}

@INPROCEEDINGS{AttackingWinzip,
  author = {Kohno, T.},
  title = {Attacking and Repairing the WinZip Encryption Scheme},
  booktitle = {Proceedings of the 11th ACM Conference on Computer and Communications
	Security},
  year = {2011},
  owner = {clayshooter811},
  timestamp = {2013.11.20}
}

@CONFERENCE{koopman2004,
  author = {Koopman, P. and Chakravarty, T.},
  title = {Cyclic Redundancy Code (CRC) Polynomial Selection For Embedded Networks},
  booktitle = {The International Conference on Dependable Systems and Networks},
  year = {2004},
  owner = {clayshooter811},
  timestamp = {2013.11.20}
}

@CONFERENCE{Carsec2010,
  author = {Koscher, K. and Czeskis, A. and Roesner, F. and Patel, S. and Kohno,
	T. and Checkoway, S. and McCoy, D. and Kantor, B. and Anderson, D.
	and Shacham, H. and Savage, S.},
  title = {Experimental Security Analysis of a Modern Automobile},
  booktitle = {IEEE Symposium on Security and Privacy},
  year = {2010},
  owner = {clayshooter811},
  timestamp = {2013.11.20}
}

@INPROCEEDINGS{SecuringVehicles,
  author = {Larson, U. and Nilsson, D.},
  title = {Securing Vehicles Against Cyber Attacks},
  booktitle = {Proceedings of the 4th Annual Workshop on Cyber Security and Information
	Intelligence Challenges Ahead},
  year = {2008},
  owner = {clayshooter811},
  timestamp = {2013.11.20}
}

@ARTICLE{writeblockertest,
  author = {Lyle, J.},
  title = {A Strategy For Testing Hardware Write Block Devices},
  journal = {Digital Investigation},
  year = {2006},
  volume = {3},
  pages = {3-9},
  owner = {clayshooter811},
  timestamp = {2013.11.20}
}

@ARTICLE{Manuel2011,
  author = {Manuel, Stephane},
  title = {Classification and generation of disturbance vectors for collision
	attacks against SHA-1},
  journal = {Designs, Codes and Cryptography},
  year = {2011},
  volume = {59},
  pages = {247-263},
  number = {1-3},
  doi = {10.1007/s10623-010-9458-9},
  issn = {0925-1022},
  keywords = {Hash functions; $${\tt{SHA}-1}$$; Collision attack; Disturbance vector;
	Local collisions independence; 94A60},
  language = {English},
  publisher = {Springer US},
  url = {http://dx.doi.org/10.1007/s10623-010-9458-9}
}

@ARTICLE{mckemmish2008,
  author = {McKemmish, R.},
  title = {When Is Digital Evidence Forensically Sound?},
  journal = {Advances in Digital Forensics},
  year = {2008},
  volume = {4},
  pages = {3-15},
  owner = {clayshooter811},
  timestamp = {2013.11.20}
}

@CONFERENCE{messerschmidt2013,
  author = {Messerschmidt, W.},
  title = {DDEC Reports Version 8.02: Analysis of Daily Engine Usage Data},
  booktitle = {IATAI Annual Conference},
  year = {2013},
  owner = {clayshooter811},
  timestamp = {2014.03.05}
}

@TECHREPORT{messerschmidt2010,
  author = {Messerschmidt, W. and Austin, T. and Smith, P. and Cheek T. et al},
  title = {Simulating the Effect of Collision-Related Power Loss on the Event
	Data Recorders of Heavy Trucks},
  institution = {SAE},
  year = {2010},
  owner = {clayshooter811},
  timestamp = {2014.03.05}
}

@TECHREPORT{meyers2005,
  author = {Meyers, M. and Rogers, M.},
  title = {Meeting the Challenges of Scientific Evidence},
  institution = {Purdue University Center for Education and Research in Information
	Assurance and Security},
  year = {2005},
  owner = {clayshooter811},
  timestamp = {2014.06.24}
}

@TECHREPORT{miller2013,
  author = {Miller, C. and Valasek, C.},
  title = {Adventures in Automotive Networks and Control Units},
  institution = {Web},
  year = {2013},
  owner = {clayshooter811},
  timestamp = {2013.11.20}
}

@PHDTHESIS{Mouat2002,
  author = {Adrian Mouat},
  title = {XML Diff and Patch Utilities},
  school = {Heriot-Watt University},
  year = {2002},
  owner = {clayshooter811},
  timestamp = {2014.06.17}
}

@TECHREPORT{NIST2004,
  author = {NIST},
  title = {Hardware Write Blocker Device (HWB) Specification},
  institution = {NIST},
  year = {2004},
  owner = {clayshooter811},
  timestamp = {2014.03.05}
}

@TECHREPORT{NIST2001,
  author = {NIST},
  title = {Disk Imaging Tool Specification},
  institution = {National Institute of Standards and Technology},
  year = {2001},
  owner = {clayshooter811},
  timestamp = {2013.11.20}
}

@TECHREPORT{vannooten2005,
  author = {van Nooten, S. and Hrycay, J.},
  title = {The Application and Reliability of Commercial Vehicle Event Data
	Recorders for Accident Investigation and Analysis},
  institution = {SAE},
  year = {2005},
  owner = {clayshooter811},
  timestamp = {2014.03.05}
}

@ARTICLE{Plant2013,
  author = {Plant, D. and Cheek, T. and Austin, T. and Steiner, J. et al.},
  title = {Timing and Synchronization of the Event Data Recorded by the Electronic
	Control Modules of Commerical Motor Vehicles - DDEC V},
  journal = {SAE International Journal of Commercial Vehicles},
  year = {2013},
  volume = {6},
  pages = {209-228},
  owner = {clayshooter811},
  timestamp = {2013.11.20}
}

@TECHREPORT{NIJ2008,
  author = {NIJ Special Report},
  title = {Electronic Crime Scene Investigation: A Guide for First Responders},
  institution = {National Institute of Justice},
  year = {2008},
  owner = {clayshooter811},
  timestamp = {2013.11.20}
}

@TECHREPORT{reust2004,
  author = {Reust, T.},
  title = {The Accuracy of Speed Captured by Commercial Vehicle Event Data Recorders},
  institution = {SAE},
  year = {2004},
  owner = {clayshooter811},
  timestamp = {2014.03.05}
}

@ARTICLE{reust2010,
  author = {Reust, T. and Morgan, J. and Smith, P.},
  title = {Method to Determine Vehicle Speed During ABS Brake Events Using Heavy
	Vehicle Event Data Recorder Speed},
  journal = {SAE International Journal of Passenger Cars - Mechanical Systems},
  year = {2010},
  volume = {3},
  pages = {644-652},
  owner = {clayshooter811},
  timestamp = {2014.03.05}
}

@BOOK{schneier1996,
  title = {Applied Cryptography},
  publisher = {Joh Wiley \& Sons},
  year = {1996},
  editor = {x},
  author = {Bruce Schneier},
  owner = {clayshooter811},
  timestamp = {2013.11.20}
}

@TECHREPORT{NHTSA2008,
  author = {NHTSA's National Center for Statistics and Analysis},
  title = {Traffic Safety Facts 2008 Data},
  institution = {National Highway Traffic Safety Administration},
  year = {2008},
  owner = {clayshooter811},
  timestamp = {2013.11.20}
}

@ARTICLE{steiner2013,
  author = {Steiner, J. and Cheek, T. and Hinkson, S.},
  title = {Data Sources and Analysis of a Heavy Vehicle Event Data Recorder
	- V-MAC III},
  journal = {SAE International Journal of Commercial Vehicles},
  year = {2013},
  volume = {6},
  pages = {209-228},
  owner = {clayshooter811},
  timestamp = {2014.03.05}
}

@ELECTRONIC{BeagleBone,
  title = {BeagleBone (Design Kits \& Evaluation Modules)},
  howpublished = {Website},
  organization = {Texas Instruments},
  note = {Retrieved 7/17/2014},
  url = {http://www.ti.com/devnet/docs/catalog/thirdpartydevtoolfolder.tsp?actionPerformed=productFolder&productId=9680},
  owner = {clayshooter811},
  timestamp = {2014.07.17}
}

@ELECTRONIC{FedRules702,
  title = {Federal Rules of Evidence Rule 702: Testimony By Expert Witnesses},
  url = {http://www.law.cornell.edu/supct/html/92-102.ZS.html},
  owner = {clayshooter811},
  timestamp = {2014.07.22}
}

@MANUAL{J1587,
  title = {Electronic Data Interchange Between Microcomputer Systems in Heavy-Duty
	Vehicle Applications J1587},
  organization = {SAE International Surface Vehicle Recommended Practice},
  institution = {Society of Automotive Engineers},
  owner = {clayshooter811},
  timestamp = {2013.11.20}
}

@MANUAL{J1708,
  title = {Serial Data Communications Between Microcomputer Systems in Heavy
	Duty Vehicle Applications J1708},
  organization = {SAE International Surface Vehicle Recommended Practice},
  institution = {Society of Automotive Engineers},
  owner = {clayshooter811},
  timestamp = {2013.11.20}
}

@MANUAL{J1939-13,
  title = {Off-Board Diagnostic Connector J1939-13},
  owner = {clayshooter811},
  timestamp = {2014.07.17}
}

@MANUAL{J1939-71,
  title = {Vehicle Application Layer J1939-71},
  organization = {SAE International Surface Vehicle Recommended Practice},
  institution = {Society of Automotive Engineers},
  owner = {clayshooter811},
  timestamp = {2013.11.20}
}

@MANUAL{J1939-73,
  title = {Application Layer - Diagnostics J1939-73},
  organization = {SAE International Surface Vehicle Recommended Practice},
  institution = {Society of Automotive Engineers},
  owner = {clayshooter811},
  timestamp = {2013.11.20}
}

@MANUAL{J2728,
  title = {Heavy Vehicle Event Data Recorder (HVEDR) Standard - Tier 1 J2728},
  organization = {SAE International Surface Vehicle Recommended Practice},
  institution = {Society of Automotive Engineers},
  owner = {clayshooter811},
  timestamp = {2013.11.20}
}

@MANUAL{rp1210,
  title = {Windows Communication API TMC RP1210},
  organization = {TMC Recommended Practice},
  institution = {Truck Maintenance Council},
  owner = {clayshooter811},
  timestamp = {2013.11.20}
}

@MANUAL{securehash,
  title = {Secure Hash Standard},
  organization = {Federal Information Processing Standards},
  institution = {NIST},
  owner = {clayshooter811},
  timestamp = {2014.03.05}
}

@comment{jabref-meta: selector_review:}

@comment{jabref-meta: selector_publisher:}

@comment{jabref-meta: selector_author:}

@comment{jabref-meta: selector_journal:}

@comment{jabref-meta: selector_keywords:}

